<?xml version="1.0" encoding="UTF-8"?><collection xmlns="http://www.loc.gov/MARC21/slim"><record><leader>00511nam--2200169-i-4500</leader><controlfield tag="001">000030023</controlfield><controlfield tag="002">20161230</controlfield><controlfield tag="005">20161230201038</controlfield><controlfield tag="008">060222s1000------------r-----000-0-eng-d</controlfield><datafield ind1=" " ind2=" " tag="040"><subfield code="a">IFIN-HH</subfield></datafield><datafield ind1=" " ind2=" " tag="080"><subfield code="a">53(061.3):530.145.6</subfield></datafield><datafield ind1="1" ind2=" " tag="100"><subfield code="a">Mehra, Jagdish</subfield></datafield><datafield ind1="1" ind2="0" tag="245"><subfield code="a">Thhe physicist's conception of nature. symposium, miramare, trieste 1972</subfield><subfield code="c">Jagdish mehra (ed.)</subfield></datafield><datafield ind1=" " ind2=" " tag="260"><subfield code="a">Dordrecht Holland</subfield><subfield code="b">D. Riedel Publishing Company</subfield><subfield code="c">1973</subfield></datafield><datafield ind1=" " ind2=" " tag="300"><subfield code="a">XXIII+839P</subfield></datafield><datafield ind1=" " ind2=" " tag="852"><subfield code="a">41234</subfield><subfield code="c">53</subfield></datafield><datafield ind1=" " ind2=" " tag="CAT"><subfield code="a">Sys</subfield><subfield code="c">20150318</subfield><subfield code="h">151654</subfield></datafield></record></collection>